@book{intelSdmCr0WpFlag,
	author        = "Intel Corporation",
	title         = {{Intel 64 and IA-32 Architectures Software Developer's Manual}},
	year          = {2021},
	month         = {4},
	number        = {325462-074US},
    volume        = {3},
    chapter       = {4.1.3 Paging-Mode Modifiers},
}

@book{intelSdmMemoryOrdering,
	author        = "Intel Corporation",
	title         = {{Intel 64 and IA-32 Architectures Software Developer's Manual}},
	year          = {2021},
	month         = {4},
	number        = {325462-074US},
    volume        = {3},
    chapter       = {8.2 Memory Ordering},
}


@online{LKMLChristophHellwig_linebreaks,
  title = {{{LKML}}: {{Christoph Hellwig}}: {{Re}}: [{{PATCH}}] Pmem: Export the Symbols \_\_copy\_us\-er\_flushcache and \_\_copy\_from\_user\_flushcache},
  url = {https://lkml.org/lkml/2020/9/17/77},
  urldate = {2021-05-07},
  file = {/home/cs/Zotero/storage/6NMXPZ46/77.html}
}
